2928 3506
105 30 133 73 6
980 32 1000 51 .

100 161 232 212 Magis
261 160 457 200 rhetorice
487 171 602 209 quam
632 171 726 199 vere
754 159 933 210 Lipsius:
974 158 1083 209 Quis,
1114 159 1254 212 inquit,
1284 161 1445 211 negabit
1471 161 1709 212 legendum:
1747 176 1852 214 quae
1878 163 2029 218 [modo]
2057 179 2154 218 crya
2181 168 2296 210 aedis
2322 169 2466 212 habet?
2524 172 2709 215 Bothius
2708 179 2781 218 εἰσ

104 227 238 269 fulcit:
268 238 372 279 quae
403 225 542 278 [nunc]
573 239 671 278 crya
699 226 813 267 aedis
840 226 990 267 habet?
1052 229 1275 279 Geppertus
1305 227 1543 278 pronomine
1581 239 1669 268 cum
1711 229 1830 271 aedes
1857 231 2091 273 coniuncto:
2132 235 2279 275 novisti
2316 240 2478 279 nostras
2517 237 2636 279 aedes
2677 251 2776 294 ⁶79³

99 295 203 344 quae
229 294 417 333 habitat?
447 293 566 344 quod,
595 304 716 344 quum
748 294 889 344 quinta
918 294 1018 332 arsis
1046 294 1166 333 talem
1194 294 1346 332 hiatum
1368 307 1556 344 respuere
1573 295 1713 344 soleat,
1745 309 1823 335 non
1842 299 2200 347 comprobaverim.
2241 302 2380 352 Neque
2398 304 2530 354 placet
2549 308 2775 348 tonso-sm

97 362 334 413 pronomine
364 360 511 401 omisso
542 362 779 412 praesertim
809 359 964 401 collatis
994 360 1058 411 IV,
1090 365 1129 410 4,
1162 363 1209 401 3.
1257 373 1377 402 «nam
1416 360 1512 402 mihi
1549 361 1759 404 dividiaest
1798 364 2029 405 tonstricem
2067 379 2196 408 meam
2234 367 2292 409 sic
2327 369 2545 412 mulcatam
2575 370 2702 412 male»
2723 377 2777 415 et·

99 426 167 476 IV,
200 431 237 476 2,
270 431 344 467 63;
378 428 572 467 «alteram
601 428 832 467 tonstricem
861 428 1039 477 huiusce,
1082 427 1252 468 alteram
1283 428 1470 468 ancillam
1500 441 1651 469 suam.»
1710 430 1797 469 Non
1838 432 1964 481 magis
1993 437 2125 473 autem
2155 448 2378 486 pronomen
2407 440 2457 477 ab
2487 438 2602 477 aedis
2629 441 2773 479 abesse

99 500 243 546 potest,
274 508 354 546 quo
384 495 554 542 omisso,
585 507 685 545 quas
715 496 837 533 aedes
868 495 996 542 dicat,
1028 508 1107 534 non
1139 496 1272 546 liquet.
1332 496 1396 534 Ita
1435 500 1474 534 et
1512 500 1710 536 sententia
1754 502 1795 537 et
1824 499 1977 537 numeri
2008 499 2196 550 suadent,
2240 507 2284 541 ut
2313 508 2524 555 utrumque
2552 514 2771 555 pronomen

98 575 347 614 reponamus,
380 562 484 601 unde
513 573 614 611 quae
643 560 893 613 corruptelae
922 574 1042 601 causa
1074 561 1194 601 fuerit
1222 560 1337 602 facile
1366 560 1622 613 intelligitur:

1438 629 1666 667 tonstricem
1697 628 1838 669 Suram

770 695 952 734 Novistin
982 700 1172 742 nostram,
1204 694 1396 745 [nostras]
1428 707 1530 744 quae
1559 708 1652 742 erga
1681 696 1792 735 aedis
1821 697 1974 735 habet?

96 761 311 801 Praeterea
338 761 512 800 novistin
542 760 682 810 scripsi
714 773 786 811 pro
815 760 961 800 novisti
992 765 1154 811 propter
1184 759 1555 811 interrogationem.
1594 773 1698 812 quae
1727 762 1895 802 mutatio
1925 774 1972 802 eo
2002 762 2125 804 levior
2155 768 2225 813 est,
2259 766 2364 816 quod
2396 768 2622 818 proximum
2653 781 2769 809 voca-

96 828 232 867 bulum
264 827 314 866 ab
343 840 371 865 n
402 827 516 865 litera
544 827 694 877 incipit.

631 894 684 942 ΙΙ,
718 899 754 942 4,
778 898 847 932 72;
898 893 999 942 Quin
1030 896 1090 932 dis
1119 893 1240 932 hodie
1271 893 1505 933 sacruficare
1535 908 1610 944 pro
1638 909 1761 946 puero
1791 896 1881 935 volo

903 961 1049 1008 Quinto
1081 959 1145 1000 die
1174 959 1280 1012 quod
1309 959 1397 1001 fieri
1426 965 1594 1012 oportet.
1653 961 1700 1001 D.
1733 960 1898 1004 Censeo.

96 1029 224 1069 Priori
253 1029 381 1069 versui
412 1028 585 1068 editores
614 1028 784 1066 traiecto
813 1027 928 1066 hodie
947 1027 1100 1065 mederi
1118 1025 1265 1064 solent:
1300 1027 1406 1076 Quin
1423 1027 1488 1066 dis
1514 1029 1755 1077 sacruficare
1781 1029 1896 1069 hodie
1908 1043 1987 1079 pro
1997 1044 2126 1080 puero
2144 1032 2241 1080 volo,
2274 1045 2352 1083 quo
2370 1034 2477 1074 facto
2495 1036 2647 1074 numeri
2668 1048 2762 1075 sane

97 1099 329 1147 procedunt.
389 1095 465 1136 Sed
496 1096 667 1134 alterum
697 1096 836 1133 vitium
865 1095 905 1133 in
936 1094 1066 1133 verbis
1096 1093 1205 1133 latet.
1267 1093 1482 1145 Postquam
1517 1095 1619 1134 enim
1651 1095 1907 1136 Phronesium
1939 1098 2058 1146 dixit,
2099 1113 2141 1138 se
2169 1099 2303 1149 aliquo
2333 1101 2453 1140 modo
2483 1101 2695 1142 divortium
2726 1107 2765 1142 et

96 1163 307 1205 discidium
336 1176 424 1202 cum
455 1161 580 1201 milite
609 1166 843 1213 paraturam
874 1173 960 1201 esse
989 1166 1028 1201 et
1058 1174 1145 1201 cum
1176 1159 1392 1201 Diniarcho
1423 1160 1588 1202 adsiduo
1616 1159 1715 1211 fore,
1747 1166 1788 1203 et
1817 1163 2049 1205 Diniarchus
2076 1178 2149 1216 per
2177 1165 2306 1206 iocum
2338 1167 2561 1218 respondit:
2609 1168 2763 1210 «Immo

93 1230 228 1271 hercle
256 1242 350 1270 vero
380 1228 562 1270 adcubuo
592 1227 825 1277 mavelim»,
872 1227 1027 1267 soloece
1066 1240 1193 1279 neque
1233 1227 1314 1268 ullo
1345 1229 1625 1268 sententiarum
1656 1241 1760 1270 nexu
1788 1230 1857 1270 illa
1884 1232 2035 1282 pergit:
2088 1231 2232 1282 «Qum
2253 1233 2312 1272 dis
2343 1246 2377 1272 e.
2410 1245 2446 1284 q.
2478 1246 2535 1273 s.»
2595 1235 2763 1288 Utrique

93 1299 153 1337 rei
183 1297 404 1337 subsidium
432 1300 598 1347 paratur
629 1295 758 1335 deleto
791 1295 907 1343 Quin,
938 1295 1045 1345 quod
1075 1308 1123 1332 ex
1152 1296 1324 1345 proximi
1355 1308 1493 1334 versus
1521 1296 1636 1335 initio
1665 1297 1871 1346 irrepsisse
1891 1297 2058 1338 videtur.
2106 1298 2312 1339 Facillime
2343 1300 2445 1340 enim
2475 1300 2627 1340 librarii
2659 1302 2762 1342 oculi
2816 1305 2823 1311 '

94 1365 148 1406 ad
179 1364 327 1414 Quinto
356 1366 544 1404 aberrare
572 1365 806 1414 potuerunt,
848 1361 958 1401 cuius
997 1360 1180 1401 vocabuli
1217 1365 1427 1413 postquam
1463 1362 1638 1414 priorem
1677 1363 1870 1416 syllabam
1905 1365 2133 1417 perscripsit
2171 1357 2287 1406 etse
2325 1358 2533 1408 aberrasse
2571 1367 2781 1409 intellexit.

95 1438 166 1472 aut
196 1432 281 1483 ipse
310 1443 399 1470 eam
429 1429 559 1470 delere
590 1428 872 1481 praetermisit,
905 1433 984 1477 aut,
1016 1427 1122 1479 quod
1153 1430 1281 1479 magis
1310 1429 1452 1480 placet,
1484 1430 1637 1479 signum
1658 1443 1736 1482 quo
1765 1431 1974 1471 delendam
1995 1445 2081 1472 esse
2107 1438 2328 1483 notaverat,
2360 1436 2409 1474 ab
2430 1435 2518 1474 aliis
2538 1435 2764 1486 neglectum

94 1502 167 1537 est.
226 1497 379 1536 Eadem
409 1509 495 1537 cum
528 1509 571 1534 re
605 1496 782 1534 Vaticani
820 1498 963 1534 turbae
991 1495 1205 1534 cohaerere
1235 1499 1420 1545 possunt,
1467 1496 1508 1534 in
1544 1508 1621 1545 quo
1649 1503 1740 1547 post
1770 1512 1803 1537 v.
1839 1501 1888 1537 69
1920 1512 1968 1537 ex
1997 1513 2031 1537 v.
2065 1502 2117 1538 68
2148 1499 2250 1539 male
2280 1501 2497 1540 iterantur:
2559 1502 2681 1541 ‹Adsi
2711 1502 2764 1542 do

92 1566 216 1605 immo
248 1565 379 1604 hercle
410 1577 543 1603 vero».
605 1562 767 1602 Numeri
798 1562 919 1612 igitur
948 1567 1039 1602 sunt
1067 1562 1177 1604 hice:

994 1628 1064 1668 Dis
1092 1629 1212 1669 hodie
1241 1627 1474 1668 sacruficare
1503 1643 1576 1680 pro
1605 1632 1729 1681 puero
1758 1631 1862 1671 volo.

231 1698 284 1745 11,
317 1700 353 1744 6,
377 1699 447 1735 26:
495 1698 552 1736 St.
584 1697 697 1735 Meus
727 1701 808 1734 est:
842 1698 922 1734 scio
951 1695 1030 1734 iam
1061 1695 1111 1734 de
1141 1696 1401 1745 argumentis.
1460 1696 1508 1735 A.
1538 1696 1712 1735 Nimium
1740 1697 1899 1748 quidem
1930 1698 2096 1738 similist.
2158 1701 2216 1738 St.
2248 1700 2392 1749 Papae,
2420 1691 2426 1706 ²

498 1763 585 1802 Iam
615 1762 832 1812 magnust?
870 1763 1002 1801 iamne
1031 1761 1171 1801 electat
1201 1762 1396 1811 legionem
1426 1775 1541 1814 quam
1571 1763 1746 1813 spoliare
1773 1764 1881 1804 volt?

95 1830 384 1883 Stratophanes
414 1843 461 1870 ex
491 1829 683 1881 Astaphio
714 1829 880 1880 quaerit,
914 1841 965 1868 an
993 1827 1098 1868 filius
1128 1828 1207 1867 iam
1241 1840 1406 1880 magnus
1434 1828 1484 1868 sit
1513 1834 1553 1868 et
1581 1841 1623 1868 se
1652 1830 1799 1869 fortem
1829 1830 1993 1870 militem
2026 1837 2214 1881 praestet.
2271 1833 2410 1871 Lectio
2440 1832 2611 1883 vulgata,
2644 1816 2762 1882 quam

92 1898 347 1948 intellegunt:
395 1897 530 1946 «eligit
559 1897 631 1936 sibi
663 1896 887 1945 legionem,
927 1900 973 1935 ut
1001 1908 1089 1934 eam
1119 1900 1261 1946 postea
1291 1897 1414 1934 armis
1445 1895 1607 1946 spoliet»
1650 1897 1768 1946 plane
1805 1897 1917 1936 nihili
1946 1903 2018 1937 est.
2078 1897 2171 1946 Quis
2201 1911 2371 1949 unquam
2404 1912 2492 1938 eam
2522 1899 2658 1938 militis
2687 1900 2762 1938 vir·

91 1970 220 2016 tutem
249 1979 335 2006 esse
363 1965 478 2013 dicet,
511 1968 555 2004 ut
584 1963 661 2004 sibi
691 1963 889 2013 legionem
908 1962 1160 2014 spoliandam
1182 1962 1312 2011 eligat,
1345 1962 1439 2012 quid
1465 1963 1617 2013 gloriae
1644 1963 1736 2003 inde
1765 1964 2037 2005 redundabit?
2085 1970 2225 2017 Atque,
2257 1968 2302 2004 ut
2322 1965 2370 2004 de
2388 1964 2570 2017 pessimis
2587 1966 2761 2006 numeris

92 2038 250 2074 taceam
282 2031 481 2084 (electat),
521 2029 618 2083 quid
646 2030 723 2071 sibi
753 2029 838 2070 vult
866 2029 998 2070 forma
1027 2029 1212 2070 iterativa
1240 2029 1439 2070 electore?
1495 2031 1557 2070 An
1591 2029 1670 2071 alio
1707 2034 1889 2082 tempore
1927 2031 2047 2072 aliam
2087 2030 2231 2081 eligere
2272 2031 2401 2071 solet?
2460 2031 2586 2072 Porro
2617 2037 2660 2073 ut
2688 2044 2761 2072 nos

92 2104 200 2140 recte
231 2100 398 2140 dicimus
443 2110 507 2139 ‹et
535 2097 651 2149 mfiblt
680 2096 742 2147 fid)
771 2098 852 2138 eine
880 2097 1015 2149 {legion
1045 2101 1138 2145 aaa,
1180 2098 1241 2138 bet
1270 2108 1308 2137 et
1338 2097 1394 2138 bie
1423 2095 1571 2147 Qaffen
1610 2096 1809 2148 abnebmen
1837 2097 1989 2147 mill»,
2031 2098 2088 2137 ita
2130 2098 2286 2148 linguae
2328 2099 2475 2139 latinae
2509 2101 2624 2149 genio
2658 2100 2763 2139 male

93 2168 297 2206 convenit:
330 2165 515 2214 «eiectat,
553 2178 675 2216 quam
704 2163 880 2215 spoliare
908 2164 1028 2203 volt».
1087 2164 1217 2203 Debet
1252 2164 1356 2203 enim
1392 2176 1499 2203 esse:
1541 2164 1710 2204 ‹electat
1739 2165 1933 2214 legionem
1962 2178 2083 2217 quam
2111 2166 2292 2216 spoliet».
2354 2166 2487 2218 Neque
2517 2166 2613 2206 alibi
2641 2170 2764 2217 poeta

93 2236 216 2274 verbo
245 2233 420 2283 spoliare
449 2234 584 2281 utitur,
618 2243 738 2282 saepe
767 2231 1016 2272 substantivo
1045 2230 1188 2281 spolia.
1250 2230 1447 2282 Denique,
1476 2232 1584 2283 quod
1615 2231 1772 2272 maximi
1802 2232 1995 2273 momenti
2023 2236 2103 2282 est,
2146 2233 2312 2274 electore
2340 2245 2503 2284 prorsus
2533 2232 2652 2273 aliam
2683 2233 2761 2273 vim

91 2300 215 2340 habet
244 2301 353 2351 apud
385 2299 598 2346 Nostrum,
639 2298 745 2350 quod
776 2299 884 2337 hisce
925 2297 1022 2337 locis
1062 2299 1276 2337 docemur:
1336 2297 1442 2338 Asin.
1472 2298 1526 2347 II,
1559 2303 1596 2347 2,
1628 2301 1699 2337 29:
1752 2298 1861 2348 Quae
1893 2298 2009 2338 illaec
2032 2299 2264 2349 praedast?
2312 2300 2375 2339 ibo
2404 2300 2617 2340 advorsum
2646 2303 2765 2350 atque

91 2367 286 2415 electabo,
335 2366 457 2406 Merc.
496 2368 600 2405 224:
658 2365 722 2404 Ne
762 2368 798 2403 te
837 2365 1078 2414 opprimeret
1114 2364 1404 2414 imprudentem
1439 2368 1558 2413 atque
1592 2364 1786 2404 electaret.
1846 2364 2048 2415 Gepperto
2088 2366 2249 2415 quidem
2286 2366 2343 2404 sic
2381 2365 2586 2406 scribenti:
2647 2366 2763 2405 »Jam

91 2433 309 2483 magnust?
347 2433 433 2471 iam
461 2431 536 2471 leto
565 2431 639 2470 dat
667 2431 862 2480 legionem
894 2443 1013 2481 quam
1043 2430 1219 2480 spoliare
1258 2429 1395 2468 volt?»
1440 2442 1487 2468 ea
1526 2431 1565 2467 in
1604 2444 1648 2469 re
1678 2442 1841 2480 prorsus
1878 2431 2091 2478 assentior,
2136 2431 2243 2482 quod
2278 2444 2400 2482 quum
2439 2432 2652 2482 praecedat
2680 2421 2766 2471 iani

91 2500 311 2551 magnust?
354 2500 473 2538 etiam
513 2499 737 2548 posteriore
772 2498 860 2537 loco
897 2499 982 2537 iam
1021 2510 1092 2547 pro
1121 2497 1253 2535 iamne
1290 2498 1478 2547 reposuit.
1537 2496 1703 2547 Reliqua
1744 2508 1838 2537 vero
1868 2495 1963 2535 mihi
2003 2509 2130 2548 neque
2159 2496 2290 2536 locum
2321 2510 2538 2548 persanare
2568 2502 2608 2537 et
2637 2497 2764 2546 magis

91 2566 247 2618 poetice
277 2569 318 2606 et
348 2565 451 2606 elate
482 2564 589 2604 dicta
618 2577 704 2603 esse
732 2563 915 2604 videntur
945 2576 1062 2614 quam
1092 2575 1165 2614 pro
1195 2561 1401 2603 comoedia
1429 2568 1467 2603 et
1496 2575 1569 2614 pro
1599 2561 1735 2602 milite.
1787 2562 1887 2611 Iam,
1917 2575 2020 2614 quae
2048 2563 2089 2604 in
2109 2562 2274 2603 codibus
2304 2562 2456 2603 tradita
2486 2568 2585 2612 sunt,
2617 2562 2766 2603 adscri-

90 2632 199 2683 bam,
230 2631 336 2673 unde
366 2633 418 2673 ad
448 2630 764 2672 emendationem
795 2631 859 2670 via
887 2634 1072 2682 paretur:

765 2698 849 2737 Iam
881 2703 1064 2747 magnust
1092 2699 1225 2737 iamne
1253 2698 1351 2737 letat
1381 2698 1576 2747 legionem
1605 2709 1724 2747 quam
1751 2696 1944 2746 spoliaret
1971 2696 2071 2735 uelit

94 2780 197 2819 quae
228 2766 285 2807 sic
315 2766 551 2816 corrigenda
580 2778 668 2806 esse
698 2763 896 2806 arbitror:

661 2832 747 2872 Iam
780 2831 994 2881 magnust?
1024 2831 1108 2870 iam
1136 2831 1191 2870 eit
1219 2830 1273 2870 ad
1303 2830 1529 2880 legionem?
1568 2829 1689 2881 qua[e
1715 2829 1819 2881 iaJm
1845 2829 1977 2878 spolia
2004 2829 2195 2868 rettulit?

93 2903 152 2940 ita
180 2900 297 2940 Most.
333 2903 427 2939 129:
457 2899 512 2939 ad
540 2899 731 2950 leqionem
760 2910 875 2949 quom
902 2898 1000 2937 itur.
1059 2897 1120 2937 De
1150 2897 1287 2947 spoliis
1316 2897 1365 2936 cf.
1388 2909 1422 2935 v.
1444 2900 1520 2936 41:
1550 2897 1665 2937 aedis
1691 2896 1835 2946 spoliis
1863 2895 2036 2946 opplebit
2064 2899 2168 2943 tuas,
2197 2910 2232 2935 v.
2263 2899 2336 2935 42:
2360 2897 2603 2947 priusquam
2631 2897 2766 2947 spolia

92 2967 242 3018 capiat.
304 2965 519 3007 ‹Rettulit›
552 2966 721 3018 primam
752 2977 909 3018 semper
937 2963 1171 3017 producere,
1202 2962 1266 3004 vix
1296 2967 1357 3004 est
1387 2962 1492 3015 quod
1521 2972 1716 3004 moneam.
1762 2962 1858 3014 (vid.
1889 2961 1997 3003 Asin.
2028 2961 2089 3011 Π,
2121 2966 2159 3011 4,
2192 2965 2241 3002 35
2274 2966 2313 3002 et
2344 2962 2426 3015 38.)

635 3032 687 3082 Π,
720 3036 758 3081 6,
785 3036 857 3073 52:
964 3055 1014 3060 —
1080 3053 1123 3060 —
1185 3030 1412 3082 poenitetne
1441 3038 1481 3071 te
1505 3035 1606 3083 quot
1633 3029 1798 3070 ancillas
1828 3028 1934 3070 alam

902 3098 1010 3149 Quin
1037 3099 1158 3138 etiam
1186 3110 1274 3136 men
1302 3110 1420 3149 super
1448 3095 1624 3136 adducas
1652 3108 1755 3148 quae
1785 3095 1880 3135 mihi
1911 3095 2111 3136 comedint
2139 3096 2270 3135 cibum

89 3171 185 3219 quot
213 3166 388 3206 ancillas
414 3167 524 3206 alam
553 3172 593 3206 et
622 3166 771 3206 dudum
802 3169 910 3205 recte
939 3165 1172 3205 emendasse
1201 3165 1296 3204 mihi
1335 3164 1472 3203 videor
1501 3167 1541 3202 et
1571 3162 1716 3202 Donati
1746 3163 1920 3213 vestigiis
1951 3163 2083 3214 aliquo
2112 3163 2233 3203 modo
2263 3161 2569 3214 comprobatur,
2604 3163 2673 3215 qui
2712 3165 2767 3204 ad
