2928 3506
516 193 548 242 Ι,
583 195 625 241 1,
658 196 729 231 30:
788 192 898 231 Iteca
926 193 967 230 in
996 191 1160 231 aedibus
1190 191 1334 231 lenosis

786 258 1022 309 Priusquam
1053 270 1175 298 unum
1205 256 1364 297 dederis
1394 262 1551 298 centum
1580 270 1683 309 quae
1711 263 1851 310 poscat
1878 265 2010 312 parat.

87 325 359 369 Camerarius:
393 323 482 365 «Ita
509 322 752 376 [disciplina]
783 324 823 364 in
852 323 1017 364 aedibus
1047 327 1109 364 est
1139 322 1328 375 (debebat
1356 323 1559 374 aedibust)
1591 323 1799 365 lenoniis›.
1856 325 2021 369 Bothius
2051 330 2153 369 mira
2188 331 2408 383 temptavit.
2468 332 2617 375 Contra
2644 342 2759 380 acute

86 393 331 446 Geppertus:
362 394 424 433 ita
452 393 641 441 cantiost,
673 391 814 432 duetus
843 390 951 431 haud
979 389 1100 431 dubie
1132 390 1253 432 Stich.
1284 404 1320 431 v.
1334 393 1413 431 707
1445 392 1593 442 (cantio
1625 391 1834 445 Graecast)
1864 396 1905 434 et
1924 393 2031 434 Trin.
2063 410 2098 436 v.
2117 399 2196 437 287
2228 397 2345 449 (haec
2373 402 2521 453 cauto).
2567 401 2646 443 Sed
2663 407 2759 446 tunc

84 472 191 513 quae
220 463 438 512 sequuntur
466 459 570 498 hunc
597 459 681 498 fere
709 458 750 497 in
779 457 941 498 modum
972 456 1111 497 reficta
1140 470 1228 497 esse
1259 456 1474 498 debebant:
1508 457 1767 510 «Priusquam
1796 473 1914 500 unum
1936 461 2127 511 accipias,
2157 468 2312 505 centum
2333 479 2434 518 quae
2451 480 2595 519 poscas
2613 481 2755 521 μονα.»

87 527 220 576 Quare
247 527 412 567 hauscio
441 539 492 566 an
521 526 669 566 rectius
698 525 929 576 scripseris:

1003 590 1067 630 Ita
1096 590 1176 641 e[st
1204 590 1353 641 amiJca
1380 591 1422 630 in
1449 590 1615 632 aedibus
1644 592 1824 632 lenoniis.

87 658 195 700 Satis
224 659 300 700 hoc
328 657 604 709 frequentatur
632 658 741 709 apud
762 656 954 698 Nostrum
974 657 1163 707 11,1,41:
1192 658 1254 697 ita
1281 661 1341 698 est
1369 659 1565 709 amosiis,-
1593 658 1661 708 IV,
1683 661 1721 708 4,
1745 660 1815 699 36:
1845 660 1907 699 ita
1933 664 2029 700 sunt
2055 660 2210 711 ylon‘ae
2236 666 2507 717 meretricum
2535 666 2638 709 Men.
2656 671 2754 709 10οε

84 726 148 766 ita
175 729 236 766 est
263 724 513 774 adulescens3
545 723 645 765 Rud.
669 723 768 775 prol.
794 727 836 764 3:
865 724 928 763 ita
955 736 1046 763 sum
1055 738 1068 772 ;
1098 723 1221 763 Mero.
1244 727 1346 763 442:
1376 724 1438 763 ita
1463 723 1574 764 illest
1601 737 1739 773 senex,
1772 726 1823 766 al.

717 790 748 840 I,
787 794 820 840 1,
852 793 925 830 71:
993 791 1053 830 Eo
1080 790 1148 830 isti
1176 789 1425 841 subpositum
1451 803 1617 841 puerum
1651 804 1750 844 opus
1781 790 1878 845 [est]
1906 805 2126 845 pessumae.

86 870 186 910 opus
214 862 273 899 est
301 871 389 898 cum
419 858 645 898 accusativo
673 857 926 908 suppositum
945 869 1121 908 puerum
1149 857 1316 909 iungunt
1344 858 1462 909 idque
1490 857 1647 909 saepius
1675 856 1761 899 fieri
1780 858 1932 900 Nonius
1959 872 1999 912 p.
2011 863 2090 901 482
2120 860 2183 900 his
2201 860 2331 902 verbis
2352 862 2554 906 affirmare
2575 865 2753 907 videtur:

357 925 448 965 «Sic
477 930 517 965 et
545 937 646 975 opus
674 927 734 964 est
770 924 881 964 illam
921 936 1005 964 rem
1046 937 1120 976 pro
1159 924 1228 965 illa
1266 937 1322 964 re.
1381 923 1542 964 Plautus
1571 922 1814 964 Cistellaria:
1857 925 2006 966 malum
2042 926 2172 975 aufer,
2214 930 2362 969 bonum
2402 931 2500 971 mihi
2542 945 2641 984 opus
2680 937 2752 974 est.

351 992 405 1032 Et
433 991 474 1031 in
495 990 690 1043 Captivis;
729 991 809 1031 iam
839 990 1029 1031 maritimi
1060 990 1188 1031 omnis
1217 990 1361 1031 milites
1390 1003 1490 1043 opus
1518 995 1610 1032 sunt
1638 990 1723 1032 tibi.
1772 991 1980 1033 Lucretius
2000 991 2068 1034 lib.
2082 992 2142 1034 11:
2173 996 2275 1036 scire
2307 995 2397 1037 licet
2425 996 2523 1038 nihil
2550 999 2756 1053 principiis

354 1071 454 1109 opus
486 1070 570 1099 esse
600 1057 768 1098 colores.
827 1056 1028 1109 Turpilius
1056 1057 1222 1098 Lindia:
1254 1069 1318 1097 me
1346 1058 1404 1098 vis
1432 1058 1551 1110 potiri
1580 1060 1642 1098 fac
1672 1071 1746 1110 ego
1774 1059 1908 1110 potior
1937 1059 2044 1111 quod
2073 1060 2203 1101 volo.»

85 1126 140 1165 At
167 1137 216 1165 ex
242 1124 306 1164 his
335 1123 466 1165 verbis
495 1126 694 1176 corruptis
722 1124 814 1164 huic
843 1128 1030 1176 corrupto
1061 1123 1288 1165 Truculenti
1319 1126 1445 1165 versui
1476 1125 1534 1177 (et
1561 1124 1665 1179 infra
1694 1125 1739 1176 V,
1759 1130 1795 1176 5,
1824 1126 1889 1177 10)
1930 1125 2195 1168 defensionem
2236 1129 2372 1180 parari
2406 1131 2552 1172 merito
2583 1131 2752 1184 mireris,

87 1202 205 1242 quum
246 1194 286 1231 et
325 1191 412 1242 ipsa
449 1203 513 1231 res
551 1189 716 1240 doceat,
758 1189 930 1230 Nonium
969 1190 1079 1230 aliud
1119 1191 1321 1243 profiteri,
1362 1192 1469 1232 aliud
1505 1194 1695 1245 exemplis
1723 1193 2018 1244 demonstrare,
2063 1199 2103 1234 et
2130 1196 2407 1237 Lachmannus
2437 1198 2570 1248 (Lucr.
2585 1200 2639 1249 II,
2654 1200 2753 1251 815)

86 1257 192 1298 Noni
219 1257 343 1298 verba
371 1257 520 1297 dudum
550 1261 659 1297 recte
688 1257 925 1297 correxerit:
960 1256 1052 1298 ‹Sic
1082 1261 1122 1297 et
1151 1271 1252 1308 opus
1282 1264 1342 1299 est
1370 1259 1446 1299 illa
1473 1272 1538 1299 res
1560 1272 1638 1310 pro
1665 1260 1741 1300 illa
1769 1274 1850 1300 re.»
1891 1260 1937 1300 In
1966 1260 2141 1313 Captivis
2171 1262 2274 1303 enim
2304 1263 2353 1314 (Ι,
2373 1268 2410 1314 2,
2430 1266 2500 1315 61)
2526 1265 2676 1307 milites
2702 1279 2754 1308 ne

83 1327 218 1376 potest
246 1323 407 1377 quidem
436 1322 685 1364 accusativus
716 1336 819 1372 esse,
850 1324 944 1375 quia
972 1324 1149 1376 sequitur
1181 1338 1304 1376 ‹opus
1333 1329 1450 1365 sunt»
1483 1338 1560 1366 non
1594 1339 1715 1378 ‹opus
1745 1331 1843 1367 est».
1883 1328 2061 1381 Denique
2079 1333 2219 1382 sponte
2246 1336 2425 1382 apparet,
2457 1331 2610 1384 Turpili
2629 1335 2753 1374 verba

83 1390 139 1430 ad
166 1389 269 1431 hanc
296 1404 381 1431 rem
411 1404 490 1431 non
520 1391 720 1442 pertinere
749 1390 821 1430 sed
852 1390 939 1431 loco
969 1404 1042 1432 suo
1072 1390 1296 1431 aberrasse.
1348 1393 1533 1443 Spectant
1564 1394 1666 1433 enim
1696 1393 1748 1433 ad
1778 1397 1938 1436 verbum
1961 1395 2177 1446 potior-'de
2208 1409 2285 1448 quo
2318 1396 2465 1439 Nonius
2493 1398 2627 1450 paullo
2659 1403 2752 1440 ante

85 1456 342 1499 disseruerat.
379 1479 432 1485 —
490 1457 620 1510 Prope
648 1456 801 1497 recedit
829 1470 855 1497 a
884 1457 997 1498 codd.
1029 1460 1251 1509 scriptura:

877 1525 937 1564 Eo
975 1524 1041 1565 isti
1076 1525 1304 1576 subpositus
1336 1538 1489 1576 puerus
1526 1539 1624 1578 opus
1663 1530 1724 1567 est
1758 1540 1965 1579 pessumae

81 1592 208 1632 tradit
236 1592 342 1631 enim
373 1592 600 1632 Priscianus
630 1605 669 1642 p.
691 1595 766 1631 231
794 1591 844 1631 H.
880 1592 1165 1632 vetustissimos
1196 1593 1315 1631 etiam
1357 1593 1444 1633 ‹hic
1472 1607 1642 1644 puerus»
1675 1598 1715 1634 et
1747 1594 1858 1634 ‹hic›
1902 1599 1941 1634 et
1973 1595 2096 1635 «haec
2128 1609 2250 1647 puer»
2283 1599 2322 1636 et
2353 1596 2553 1648 «puellus,
2592 1597 2750 1649 puella»

80 1658 313 1710 protulisse,
343 1671 422 1710 quo
451 1659 492 1698 in
520 1670 687 1698 numero
718 1658 901 1698 Plautum
930 1658 1124 1698 nominat.

286 1726 380 1767 Post
409 1725 441 1774 Ι,
462 1727 564 1774 2,61
597 1724 692 1765 olim
722 1724 850 1765 locum
882 1724 1068 1765 habuisse
1097 1729 1226 1777 potest
1255 1738 1390 1766 versus
1420 1726 1484 1777 qui
1513 1730 1692 1767 servatus
1722 1727 1965 1768 aPrisciano
1994 1743 2031 1780 p.
2059 1731 2135 1769 100
2166 1729 2359 1770 Plautinis
2389 1729 2504 1770 codd.
2536 1730 2748 1774 intercidit.

82 1791 213 1832 Affert
241 1792 344 1831 enim
375 1794 497 1832 Prisc.
530 1805 579 1831 ex
608 1791 748 1831 Truc.:

752 1857 866 1898 Bona
894 1857 1068 1909 perdidi,
1100 1857 1207 1898 mala
1237 1858 1412 1910 repperi,
1442 1857 1568 1900 factus
1598 1872 1684 1900 sum
1714 1860 1887 1901 extimus
1915 1873 1940 1901 a
1969 1860 2094 1910 vobis,

82 1924 147 1966 cui
185 1924 410 1975 fragmento
451 1924 635 1964 Hertzius
674 1935 834 1976 quoque
874 1923 944 1975 (ad
972 1924 1093 1964 Prisc.
1125 1923 1150 1966 1.
1172 1924 1218 1975 l.)
1258 1924 1426 1964 eundem
1465 1925 1594 1965 locum
1632 1926 1835 1978 assignare
1870 1926 2040 1975 videtur,
2081 1928 2114 1966 si
2151 1926 2310 1978 quidem
2352 1931 2459 1967 recte
2498 1929 2747 1980 interpretor.

83 1991 164 2032 Sed
193 1991 460 2043 corruptelam
490 1991 614 2031 latere
642 1995 683 2030 et
712 1991 891 2031 numeris
922 1995 963 2030 et
991 1991 1121 2037 verbis
1153 1990 1352 2031 docemur.
1414 1991 1543 2032 Facile
1572 1992 1802 2042 corrigitur:

753 2057 870 2098 Bona
898 2057 1070 2108 perdidi,
1102 2059 1209 2098 mala
1236 2058 1413 2109 repperi:
1442 2056 1568 2099 factus
1600 2072 1684 2098 sum
1716 2062 1916 2099 extremus
1942 2057 2051 2098 vobis

80 2125 190 2177 quod
218 2138 269 2165 ne
296 2130 447 2166 temere
474 2124 664 2177 scriptum
693 2124 892 2174 videatur,
925 2124 1116 2165 Prisciani
1145 2123 1269 2165 verba
1296 2122 1402 2165 infra
1429 2124 1672 2165 adscribam:
1696 2164 1708 2177 ,

353 2191 452 2232 «Est
492 2192 650 2243 quando
689 2204 768 2231 una
804 2190 975 2231 vincitur
1009 2189 1180 2242 syllaba,
1223 2196 1266 2232 ut
1301 2190 1459 2242 quando
1498 2191 1538 2231 in
1576 2188 1715 2232 ‘fimus’
1753 2191 1815 2231 vel
1843 2188 1989 2231 ‘timus'
2016 2190 2078 2230 vel
2106 2188 2264 2232 ‘remus‘
2292 2190 2452 2241 desinit,

349 2260 390 2299 ui
427 2257 605 2300 ‘inferior
631 2257 815 2308 infimus'‚
845 2257 1024 2299 ‘ulterior
1054 2256 1238 2307 ultimus’,
1269 2256 1453 2298 ‘exterior
1481 2255 1694 2298 extremus'
1721 2258 1783 2297 vel
1811 2255 2019 2298 ‘extimus'.
2088 2257 2213 2298 Varro
2243 2260 2283 2298 in
2311 2257 2616 2311 chorographia:

1289 2347 1340 2354 -
1371 2347 1423 2353 —
1452 2324 1543 2363 huic
1571 2325 1720 2364 extima
1748 2324 1869 2364 fluctu

996 2391 1142 2432 Oceani
1172 2391 1336 2432 interior
1365 2390 1547 2443 Neptuno
1576 2392 1747 2443 cingitur
1776 2404 1858 2431 ora.

350 2459 513 2500 Plautus
540 2458 581 2498 in
610 2457 854 2498 truculento:

549 2525 662 2566 Bona
690 2525 867 2577 perdidi,
898 2524 1005 2564 mala
1033 2524 1206 2575 repperi:
1237 2524 1365 2564 factus
1393 2537 1481 2564 sum
1508 2525 1681 2564 extimus
1707 2524 1828 2574 (corr.
1844 2524 2059 2575 extremus)
2091 2524 2241 2565 vobis.»

81 2593 186 2634 Dicit
214 2594 334 2645 igitur
363 2597 561 2633 extremus
587 2592 648 2632 vel
675 2592 867 2641 extimus,
908 2591 1017 2643 quod
1046 2594 1260 2642 utrumque
1293 2590 1477 2643 exemplo
1506 2590 1669 2643 probat,
1709 2591 1878 2631 alterum
1907 2604 1956 2630 ex
1985 2590 2163 2632 Varrone
2191 2590 2360 2631 alterum
2390 2602 2438 2630 ex
2469 2589 2620 2631 Plauto.
2681 2587 2746 2630 Ad

75 2671 215 2701 vocem
245 2663 444 2700 extrmus
471 2660 634 2711 respicit·
663 2658 901 2710 Astaphium
929 2658 998 2698 inf.
1029 2670 1063 2698 v,
1079 2659 1153 2706 64,
1183 2670 1303 2708 quum
1334 2657 1458 2697 dicat:
1489 2658 1555 2708 qui
1584 2657 1751 2697 antehac
1780 2661 1939 2697 amator
1965 2669 2141 2697 summus
2167 2656 2352 2697 habitus'.

480 2726 512 2774 Ι,
544 2729 581 2775 2,
614 2728 687 2764 71:
773 2725 892 2764 Certe
919 2723 1054 2763 hercle
1083 2736 1202 2773 quam
1231 2728 1480 2764 veterrumus
1509 2724 1658 2763 homini
1689 2729 1876 2774 optumus
1906 2724 2069 2762 amicus.

79 2797 219 2833 contra
247 2792 460 2833 dictionem
480 2792 722 2840 Plautinam3
752 2791 1003 2831 desideratur
1032 2790 1137 2830 enim
1166 2794 1260 2839 tam,
1292 2791 1400 2841 quod
1419 2789 1660 2841 respondeat
1678 2789 1766 2831 voci
1784 2802 1916 2841 quam.
1955 2788 2081 2831 Codd.
2102 2801 2181 2831 non
2200 2787 2320 2830 dubia
2339 2786 2504 2839 vestigia
2523 2787 2743 2837 servarunt,

79 2871 199 2912 quum
231 2872 307 2912 pro
339 2857 540 2900 ‹homini›
571 2858 764 2899 amomini
789 2855 1025 2910 praebeant,
1057 2857 1083 2897 i.
1104 2868 1157 2896 e.:

749 2924 867 2965 Certe
896 2924 1029 2964 hercle
1057 2937 1176 2975 quam
1207 2927 1494 2972 veterrumust,
1528 2926 1610 2962 tam
1638 2923 1789 2962 homini
1818 2926 2023 2974 optumust
2051 2921 2214 2961 amicus.

280 2992 310 3042 1,
345 2996 378 3042 1,
412 2995 478 3033 82.
539 2992 752 3042 Postquam
784 2990 1020 3043 Astaphium
1051 2990 1218 3038 audivit,
1249 2987 1508 3030 Diniarchum
1538 3002 1618 3029 non
1645 2992 1771 3030 totam
1801 3002 1886 3029 rem
1917 2988 2152 3029 familiarem
2172 2985 2407 3040 perdidisse,
2441 2985 2575 3027 statim
2595 2986 2751 3025 mutata

76 3060 275 3102 sententia
305 3062 378 3100 ait:
935 3047 941 3051 ’
1388 3059 1430 3095 ut
1459 3060 1707 3108 exspectatus

478 3125 650 3177 Peregre
678 3125 887 3165 advenisti:
917 3138 1011 3164 nam
1044 3123 1210 3164 obsecro
1240 3123 1427 3174 cupiebat
1453 3127 1495 3163 te
1523 3135 1594 3162 era
1622 3122 1767 3162 videre.

479 3192 543 3232 Di.
586 3192 689 3239 Quid
719 3191 907 3232 tandem?
967 3192 1051 3231 Ast.
1082 3190 1138 3230 Te
1168 3203 1290 3230 unum
1321 3203 1370 3230 ex
1398 3188 1583 3230 omnibus
1612 3192 1735 3229 amat.
1792 3188 1858 3229 Di.
1887 3187 1997 3239 Euge
2027 3187 2137 3228 fundi
2166 3191 2205 3228 et
2232 3185 2354 3228 aedis.
