2928 3506
338 455 657 533 Truculentum‚
699 481 871 523 fabulam
909 482 1078 533 pessime
1118 481 1373 534 depravatam
1389 513 1398 531 ,
1439 481 1514 521 etsi
1553 481 1593 521 in
1620 481 1818 532 integrum
1848 481 2055 522 restituere
2084 483 2198 522 unius
2225 482 2397 523 hominis
2427 495 2507 524 non
2535 486 2615 533 est,
2656 486 2790 524 tamen

139 566 226 593 mea
253 564 378 604 opera
405 564 480 602 pro
509 550 611 590 virili
639 554 753 601 parte
781 549 1091 589 emendatiorem
1121 551 1228 598 fore,
1257 554 1468 600 postquam
1497 548 1539 588 in
1569 562 1615 588 ea
1644 548 1891 588 emendanda
1919 549 2085 589 multum
2115 550 2270 598 sudavi,
2301 563 2380 589 non
2410 550 2493 589 sine
2516 549 2651 600 aliqua
2671 562 2792 590 causa

137 620 400 671 speraverim.
456 616 536 658 Sed
568 617 696 668 ipsam
737 615 950 657 editionem
987 616 1029 656 in
1065 617 1288 667 proximum
1330 628 1473 656 annum
1513 615 1674 656 differre
1711 616 1858 656 invitus
1887 629 2020 667 cogor.
2066 616 2179 662 ,Nam
2206 617 2283 657 hoc
2311 622 2510 667 tempore,
2551 617 2790 658 Truculento

136 684 437 734 truculentiore,
467 684 570 723 inter
598 695 799 723 armorum
828 681 1034 734 strepitum
1064 694 1199 722 musae
1227 682 1399 733 turpiter
1426 685 1568 722 tacent.
1629 683 1716 731 Qua
1753 681 1803 722 de
1842 695 1983 723 caussa
2020 682 2177 724 interim
2216 696 2300 724 rem
2330 683 2388 724 ita
2416 682 2587 733 institui,
2631 688 2675 724 ut
2714 684 2791 726 hac

137 751 342 805 praefandi
373 751 577 792 occasione
606 749 760 798 oblata,
789 762 892 801 quae
921 753 1016 800 apta
1044 749 1286 799 viderentur,
1318 752 1397 789 iam
1428 749 1571 801 publici
1601 750 1697 789 iuris
1729 750 1919 799 facerem,
1949 749 2103 801 reliqua
2131 762 2202 790 suo
2230 750 2399 802 tempori
2428 763 2683 791 reservarem.

336 818 392 859 Ut
419 818 472 858 ad
500 819 630 869 ipsam
659 829 744 858 rem
773 816 1002 866 adgrediar,
1031 829 1135 857 nunc
1164 816 1347 867 vulgatur
1376 816 1476 868 prol.
1506 831 1540 856 v.
1565 820 1608 856 7:

937 882 1061 923 Enim
1087 883 1216 924 hercle
1243 884 1285 924 in
1314 883 1425 923 vobis
1453 883 1625 923 resident
1654 895 1785 923 mores
1813 882 1986 934 pristini,

137 956 255 994 antea
282 966 330 992 en
357 951 542 992 mehercle
571 951 834 1000 scribebatur,
877 955 1058 991 neutrum
1087 950 1322 990 Plautinum.
1369 949 1513 990 Codd.:
1555 963 1644 991 eum
1671 950 1821 997 hercle,
1854 950 1916 990 B.:
1947 950 1996 990 εᾶ
2021 950 2163 997 hercle,
2194 949 2297 989 unde
2324 950 2595 1001 reponendum
2626 956 2729 991 erat:

725 1058 728 1060 ,
968 1017 1036 1059 Eu
1063 1017 1190 1058 hercle
1218 1018 1258 1058 in
1288 1018 1400 1058 vobis
1429 1017 1602 1058 resident
1629 1030 1759 1056 mores
1787 1016 1955 1068 pristini.

137 1098 225 1126 eum
253 1099 302 1125 ex
329 1100 378 1126 eu
407 1090 537 1126 ortum
578 1099 663 1126 esse
702 1085 807 1125 linea
834 1084 937 1124 male
963 1084 1201 1136 superducta
1229 1084 1426 1142 scriptura
1453 1084 1598 1125 codicis
1625 1084 1671 1124 B.
1711 1087 1892 1125 testatur.
1951 1082 2102 1123 Eodem
2140 1085 2257 1124 modo
2295 1084 2393 1123 haec
2421 1083 2540 1124 verba
2577 1085 2789 1125 coniuncta

135 1153 280 1202 habes,
320 1158 364 1194 ut
391 1153 545 1193 initium
583 1152 734 1193 faciant
771 1153 945 1200 senario,
984 1151 1090 1192 Pers.
1113 1154 1212 1200 7063
1243 1151 1342 1191 Rud.
1368 1151 1440 1201 111,
1462 1155 1498 1201 5,
1523 1155 1592 1202 413
1621 1152 1726 1193 Men.
1759 1154 1856 1201 737;
1889 1154 1988 1191 872:

334 1218 405 1261 Eu
431 1219 559 1260 hercle
586 1231 729 1259 nomen
757 1217 1002 1259 multimodis
1032 1219 1261 1270 scriptumst
1288 1222 1400 1258 tuom

335 1286 404 1326 Eu
429 1287 559 1326 hercle
587 1300 638 1326 ne
664 1287 752 1326 istic
780 1287 874 1325 fana
902 1289 1104 1326 mutantur
1132 1287 1210 1325 cito

334 1352 405 1393 Eu
432 1353 561 1394 hercle
589 1353 730 1393 mulier
758 1352 924 1393 multum
953 1356 992 1392 et
1019 1351 1150 1393 audax
1178 1356 1219 1392 et
1248 1351 1387 1392 mala's

336 1419 405 1460 Eu
432 1420 559 1461 hercle
586 1422 773 1461 morbum
801 1422 982 1460 acutum:
1014 1418 1055 1458 di
1083 1422 1257 1459 vostram
1286 1417 1405 1459 fidem

133 1487 200 1527 hic
237 1487 339 1526 enim
368 1491 580 1528 verborum
623 1487 720 1527 ordo
763 1488 802 1527 in
840 1487 957 1527 codd.
989 1491 1050 1526 est
1076 1490 1278 1538 postremo
1307 1499 1434 1526 versu.
1502 1488 1705 1528 Accedunt
1734 1486 1851 1527 Most.
1874 1489 1951 1526 585
1990 1489 2030 1525 et
2057 1486 2160 1527 Men.
2184 1489 2282 1535 315,
2320 1499 2400 1537 quo
2438 1487 2659 1538 posteriore
2700 1488 2788 1527 loco

135 1553 370 1595 Ritschelius
398 1568 479 1596 non
509 1553 678 1595 debebat
708 1567 756 1595 eu
786 1559 898 1594 extra
925 1567 1081 1595 versum
1111 1566 1269 1604 ponere.

722 1620 753 1669 I,
778 1624 811 1670 l,
834 1624 901 1660 11:
961 1620 1022 1660 Ob
1053 1633 1139 1660 eam
1169 1623 1251 1660 tres
1279 1624 1415 1661 noctes
1445 1621 1607 1669 dantur,
1642 1620 1793 1660 interea
1820 1619 1897 1660 loci

961 1688 1041 1725 Aut
1070 1698 1164 1725 aera
1192 1691 1261 1726 aut
1300 1687 1433 1726 vinum
1459 1692 1528 1725 aut
1558 1687 1689 1726 oleum
1719 1690 1789 1726 aut
1816 1686 1992 1726 triticum

961 1752 1163 1804 Temptat,
1195 1754 1440 1804 benignusne
1466 1767 1518 1794 an
1545 1757 1674 1795 bonae
1701 1752 1804 1804 frugi
1833 1754 1920 1794 sies,

135 1818 287 1858 dantur
325 1823 434 1859 recte
476 1819 642 1859 Bothius
689 1819 862 1860 correxit
906 1832 953 1859 ex
997 1820 1115 1861 dator
1153 1819 1339 1871 (cf.11,2,
1362 1825 1436 1872 253
1464 1821 1641 1872 1,1;21;
1672 1821 1779 1862 Trin.
1798 1821 1918 1871 251),
1940 1829 1943 1832 '
1966 1823 2059 1860 ante
2099 1831 2214 1870 quem
2253 1822 2344 1859 utor
2383 1818 2487 1859 male
2527 1819 2788 1860 scribebatur.

135 1884 374 1935 beniqnusne
402 1899 456 1926 an
484 1886 606 1926 bonae
639 1887 754 1937 fraqi
781 1887 862 1926 sies
890 1888 1140 1937 epexegetice
1173 1887 1224 1928 ad
1253 1892 1420 1938 temptat
1444 1888 1659 1929 adduntur.
1728 1888 1815 1927 Hoc
1855 1887 1959 1926 enim
1994 1886 2109 1926 dicit:
2148 1899 2231 1925 rem
2269 1885 2507 1925 familiarem
2546 1886 2663 1937 petit,
2705 1886 2788 1926 scil.

133 1953 266 1991 utrum
296 1964 383 1991 eam
412 1951 604 2004 prodigus
634 1952 802 2005 dissipes
830 1964 882 1992 an
910 1965 1053 2006 parcus
1082 1966 1223 1995 serveS.
1269 1953 1401 2004 Quare
1429 1968 1506 1996 non
1536 1966 1695 2005 egemus
1718 1952 1907 2005 Gepperti
1927 1952 2167 1993 mutatione:
2200 1955 2360 1992 <noctes
2379 1950 2501 2001 duco,
2532 1964 2622 1992 cum
2639 1954 2792 1993 interea

134 2039 186 2045 —
217 2041 268 2046 —
310 2024 379 2057 aut
416 2020 547 2059 oleum
585 2018 730 2070 [perit]
768 2025 838 2058 aut
876 2020 1064 2060 triticum.
1133 2021 1278 2061 Tentat
1316 2023 1559 2073 benignusne
1599 2034 1632 2060 e.
1656 2034 1695 2072 q.
1716 2032 1772 2059 s.»
1825 2031 1925 2070 quae
1961 2031 2011 2058 ne
2049 2018 2179 2069 placet
2217 2017 2374 2069 quidem
2408 2021 2578 2069 propter
2616 2022 2790 2059 mutatas

134 2096 326 2134 personas
354 2084 454 2124 duco
485 2089 524 2124 et
551 2086 641 2125 sies.
685 2084 798 2124 Idem
827 2099 989 2126 monere
1017 2087 1296 2142 praetermisit,
1326 2100 1429 2137 cum,
1455 2100 1578 2139 quain
1607 2100 1743 2127 vocem
1774 2089 1866 2125 ante
1882 2086 2036 2125 interea
2053 2084 2301 2135 interposuit,
2330 2084 2371 2124 in
2387 2083 2503 2124 codd.
2523 2098 2602 2124 non
2622 2090 2789 2125 exstare.

134 2147 272 2189 Altero
301 2162 417 2189 versu
445 2150 611 2191 Bothius
640 2151 782 2191 olivom
810 2164 898 2192 cum
926 2152 1039 2192 hiatu
1068 2154 1400 2204 penthemimere,
1430 2154 1540 2206 quod
1568 2166 1663 2193 sane
1691 2152 1846 2193 licebat.
1910 2151 2073 2191 Plautus
2102 2151 2206 2191 enim
2232 2163 2311 2191 non
2339 2150 2468 2190 minus
2498 2150 2641 2191 olivom
2667 2150 2793 2192 habet

136 2214 296 2263 (Pseud.
317 2219 417 2265 2103
447 2216 776 2267 Asin.11,4,26)
814 2230 934 2269 quam
967 2219 1095 2258 oleum
1124 2219 1280 2269 (Pseud.
1298 2223 1398 2271 2133
1428 2220 1546 2261 Poen.
1562 2219 1611 2270 V,
1633 2223 1670 2270 4,
1697 2218 1781 2271 66).
1848 2217 1929 2259 Sed
1960 2218 2064 2258 inter
2101 2216 2275 2269 singulas
2313 2216 2371 2256 rei
2408 2215 2617 2257 familiaris
2654 2221 2791 2269 partes

134 2291 280 2319 amum
307 2282 634 2331 pretiosissimum
665 2284 930 2333 desideratur,
970 2286 1078 2336 quod
1118 2290 1159 2325 et
1196 2287 1293 2327 alibi
1331 2288 1457 2338 primo
1496 2287 1582 2327 loco
1611 2288 1707 2339 poni
1735 2287 1838 2326 solet
1865 2290 1905 2326 et
1932 2285 1963 2334 1,
1992 2288 2026 2333 1,
2046 2287 2094 2324 32
2127 2284 2270 2324 diserte
2298 2284 2535 2324 nominatur.
2593 2283 2793 2336 Equidem

134 2358 213 2387 non
243 2346 399 2398 dubito,
431 2348 524 2400 quin
551 2348 626 2389 hac
655 2350 905 2401 potissimum
935 2351 1092 2393 ratione
1119 2353 1249 2394 versui
1278 2352 1418 2394 mutilo
1446 2354 1754 2395 succurrendum
1782 2355 1854 2394 sit:

777 2419 855 2459 Aut
884 2418 1044 2470 [aurum
1074 2419 1160 2472 aut]
1191 2433 1285 2461 aera
1313 2425 1382 2462 aut
1413 2422 1542 2462 vinum
1572 2425 1641 2463 aut
1670 2420 1798 2462 oleum
1828 2423 1896 2461 aut
1929 2418 2116 2460 triticum.

683 2482 703 2504 *
723 2484 754 2533 I,
790 2489 825 2533 1,
850 2488 919 2524 18:
964 2485 1005 2524 Si
1033 2497 1148 2525 raras
1175 2491 1310 2528 noctes
1339 2487 1468 2538 ducit,
1500 2490 1551 2528 ab
1580 2488 1712 2529 animo
1741 2488 1861 2540 perit,

961 2551 1030 2592 Sin
1057 2553 1273 2603 crebravit,
1302 2555 1413 2606 ipsus
1439 2555 1605 2606 gaudet,
1638 2568 1703 2597 res
1730 2557 1846 2606 perit.

133 2613 198 2652 sin
227 2614 428 2653 crebrauit
457 2616 511 2664 B.,
544 2615 648 2655 unde
674 2617 1002 2668 proficiscendum
1031 2622 1108 2669 est3
1148 2620 1187 2660 si
1214 2621 1462 2662 increbrauit
1490 2620 1553 2663 vel
1581 2621 1650 2663 sin
1676 2620 1921 2663 increbrauit
1947 2620 2036 2662 rell.
2099 2620 2187 2662 Hoc
2213 2619 2410 2674 posterius
2438 2633 2464 2663 a
2492 2619 2724 2665 Camerario
2751 2621 2794 2666 in

133 2684 320 2721 contextu
357 2684 577 2732 repositum
617 2698 754 2724 omnes
792 2686 982 2726 editiones
1021 2689 1239 2737 occupavit.
1297 2683 1358 2728 'At
1394 2703 1525 2740 neque
1562 2690 1789 2729 increbrare
1822 2701 1949 2739 neque
1982 2688 2271 2728 increbrascere
2307 2710 2362 2716 —
2401 2689 2453 2728 ab
2487 2694 2657 2741 utroque
2685 2691 2791 2730 enim

134 2745 307 2788 editores
333 2746 450 2788 istam
481 2748 652 2790 formam
680 2749 878 2793 ducebant
912 2773 955 2780 —
991 2752 1183 2794 sermonis
1211 2753 1324 2795 latini
1353 2760 1416 2796 est
1444 2768 1587 2808 neque,
1618 2756 1653 2796 si
1683 2758 1806 2805 esset,
1846 2754 2061 2796 sentcntiae
2090 2752 2303 2805 sufficeret,
2343 2754 2437 2806 quia
2464 2760 2601 2796 noctes
2632 2758 2794 2798 crebras

132 2809 282 2862 facere,
313 2813 410 2864 sive,
441 2819 489 2855 ut
515 2815 594 2856 isto
623 2818 815 2859 vocabulo
845 2821 953 2869 utar,
984 2823 1116 2861 noctes
1141 2820 1370 2862 increbrare
1397 2822 1438 2862 in
1467 2822 1709 2872 meretricis,
1741 2835 1819 2863 non
1849 2822 1889 2861 in
1918 2820 2107 2862 amatoris
2136 2820 2303 2863 arbitrio
2328 2821 2501 2874 positum
2522 2826 2593 2864 est.
2634 2821 2793 2867 Paucae

133 2877 274 2920 literae
313 2880 519 2923 addendae
555 2883 755 2935 videntur,
793 2890 838 2926 ut
873 2899 954 2927 non
991 2889 1118 2928 minus
1156 2888 1269 2929 ducit
1302 2903 1351 2929 ex
1378 2889 1638 2942 praecedente
1666 2903 1781 2929 versu
1809 2893 2012 2940 repetatur
2040 2900 2157 2939 quam
2185 2891 2399 2940 repetitum
2429 2894 2490 2929 est
2508 2891 2647 2940 perit;
2683 2896 2794 2934 amat

134 2945 237 2986 enim
264 2945 340 2986 hoc
369 2946 533 2989 Plautus
561 2950 602 2990 in
632 2952 854 2993 contrariis.
912 2953 999 2994 Hoc
1027 2954 1140 2995 dico:

941 3019 1007 3061 Sin
1038 3021 1216 3073 crebra[s
1243 3021 1431 3076 d]u[c]it,
1461 3023 1571 3074 ipsus
1598 3022 1760 3073 gaudet,
1792 3035 1854 3061 res
1884 3022 1999 3074 perit.

266 3169 285 3189 *
309 3169 401 3205 Dum
424 3172 510 3206 haec
533 3173 631 3216 prelo
655 3175 892 3217 subiciuntur,
916 3179 953 3210 et
975 3177 1066 3211 hanc
1089 3181 1126 3211 et
1149 3177 1240 3211 infra
1264 3178 1289 3219 1,
1313 3181 1343 3219 2,
1370 3180 1409 3211 71
1436 3178 1714 3212 emendationem
1739 3179 2014 3221 praeoccupavit
2036 3179 2254 3212 Studemund
2276 3181 2391 3214 Herm.
2418 3182 2432 3212 Ι
2455 3193 2487 3224 p.
2513 3184 2587 3214 303.

2476 3237 2523 3279 1*
