2928 3506
2756 14 2878 70 ῑῖ

120 169 229 218 3⁸³⁴
256 151 832 215 Y5,·1,012›MW
864 149 993 193 solam
1022 147 1153 203 affert.
1184 146 1345 209 2⁸9³&
1381 144 1520 187 codd:
1568 143 1673 196 quod
1710 142 1864 184 ancilla
1890 143 1995 184 aiam
2038 141 2101 183 vel
2141 138 2246 195 quoa
2281 143 2471 186 ancillast
2495 146 2592 187 ι’σιιι.
2627 142 2790 189 'Almo

128 213 279 281 'Qui'
308 236 384 269 ω
409 219 784 270 γω,,οᾶίιοι·οο,
806 216 976 269 pessimo
1001 212 1323 262 comburunt„
1343 210 1395 252 n'e
1429 211 1671 252 recentiores
1709 209 1868 271 quidem
1900 210 2143 250 satisfecisse
2180 210 2332 275 op‘mor.
2390 210 2515 261 Nam,
2554 217 2600 261 ut
2633 214 2790 266 reliqu·

128 278 283 341 taceam
343 277 479 331 omnes
509 286 620 338 Quin
655 288 816 329 servant
826 272 843 332 ‚¹
875 295 950 334 pro
977 294 1057 333 qua
1085 293 1181 322 voce
1207 274 1284 319 hoc
1313 278 1401 319 loco
1439 291 1490 319 ex
1518 291 1628 318 more
1656 276 1840 317 Plautino
1872 276 1952 326 Qui
1989 276 2248 317 desioeratur.
2304 276 2367 317 De
2392 279 2587 319 sententia
2613 280 2789 322 dubit-ri

128 375 209 409 non
235 323 378 414 potest.
437 351 727 406 Stratophanes
763 339 862 390 duas
904 345 1069 391 ancillas
1096 329 1313 388 Phronesio
1351 343 1539 394 adduxit,
1582 341 1692 397 quod
1727 341 1875 385 donum
1913 342 2063 383 amicae
2101 342 2261 408 minime
2299 347 2455 393 gratum
2495 348 2576 396 est,
2621 357 2709 388 cnm
2745 360 2790 389 ιο

130 410 386 482 ,pansaque
412 423 563 463 habere
589 419 705 459 dicat
719 429 850 468 -neque
877 428 976 466 opus
1004 427 1111 462 esse,
1150 417 1195 452 ιιι
1222 412 1389 452 aliorum
1418 411 1623 456 hominum
1662 410 1827 451 ancillas
1857 409 1951 450 alat.
2009 409 2152 450 Litoris
2187 415 2322 450 autem
2350 424 2432 452 non
2460 412 2565 453 male
2594 415 2787 456 rationem

130 494 365 536 habebimus
375 488 468 528 ·ha‹=
497 487 765 528 correctione:

1196 567 1248 574 —-
1277 544 1504 597 poeniteme
1529 547 1581 594 te,
1611 547 1707 596 quot
1734 542 1899 584 ancillas
1929 543 2046 593 alam,
2084 564 2086 566 ·

184 643 186 645 ·
737 618 814 668 Qui
843 616 965 655 etiam
991 613 1147 654 alienas
1173 611 1477 663 superaddam,
1508 622 1611 660 quae
1639 610 1737 650 mihi
1764 610 1965 650 comedint
1991 610 2150 650 cibum?

133 693 199 734 Eti
295 689 380 730 Mil.
410 690 489 728 431
522 686 647 726 alieni
674 684 778 723 servi
809 682 1011 729 dicuntur,
1036 680 1102 730 qui
1130 679 1283 719 alienae
1304 677 1486 718 familiae
1514 682 1617 717 sunt.

189 705 267 785 v
335 753 387 804 Π,
418 755 455 802 6,
488 754 552 792 58.
610 749 702 791 Alia
730 759 887 799 quoque
914 745 1020 786 dona
1049 743 1338 796 Stratophanes
1366 742 1510 783 attulit.
1577 741 1764 793 Sequitur
1793 741 1860 782 eni
1983 742 2066 782 ucis
2094 743 2268 784 versibus
2297 743 2535 785 interiectis:

140 834 182 874 ἢ,
1016 820 1018 824 ’
1089 802 1103 821 ’“
1432 810 1679 860 *purpuram
1710 821 1759 848 ex
1789 808 1865 848 Sar
1975 811 2013 849 bi

669 881 806 923 Adtuli
834 886 874 922 et
902 878 1082 920 induvias
1111 879 1239 918 Ponto
1266 886 1474 918 amoenas:
1504 880 1595 917 tene
1622 875 1695 917 tibi
1723 874 1910 926 voluptas
1938 888 2039 915 mea.

136 967 185 997 ex
213 953 342 995 Sarra
378 951 566 1006 palmaris
607 948 835 990 emendatio
867 945 999 999 (codd.
1030 943 1190 995 exarat)
1231 942 1431 993 Scaligero
1470 942 1648 983 debetur.
1707 942 1875 993 Reliqua
1912 942 1970 982 ita
2011 946 2054 982 ut
2096 955 2218 994 supra
2258 943 2452 997 adscripsi
2487 950 2526 985 et
2553 958 2579 986 a
2606 947 2792 990 codicum

136 1021 327 1062 memoria
346 1019 443 1058 satis
472 1022 629 1057 remota
657 1021 697 1055 et
715 1014 832 1055 nullis
855 1013 1028 1053 numeris
1051 1012 1144 1052 olim
1175 1010 1447 1060 vulgabantur.
1486 1009 1564 1048 Alii
1590 1009 1670 1049 alia
1693 1013 1956 1058 tentaverunt,
1984 1009 2046 1048 vel
2071 1014 2108 1049 et
2133 1011 2239 1050 duaa
2262 1010 2389 1051 Ponto
2410 1013 2639 1055 Amazonas
2660 1015 2722 1053 vel
2750 1019 2791 1055 et

138 1088 222 1129 dua
237 1085 364 1128 Ponto
392 1083 564 1125 amicula
592 1080 656 1122 vel
675 1085 712 1122 et
733 1081 838 1122 duas
859 1072 990 1121 Porsto
1010 1090 1193 1120 amoenas
1210 1076 1272 1117 vel
1290 1077 1370 1117 alia
1391 1089 1471 1117 non
1497 1075 1622 1126 magis
1647 1074 1795 1116 Nostro
1829 1076 1962 1126 digna.
2005 1076 2099 1116 Mihi
2118 1090 2203 1117 cum
2226 1077 2327 1117 haec
2344 1079 2383 1118 in
2403 1081 2602 1121 codicibus
2623 1087 2790 1123 exstent:

850 1145 975 1187 Attuli
1004 1148 1042 1186 et
1069 1147 1163 1187 tuas
1182 1146 1306 1195 ponto
1334 1154 1519 1184 amoenas
1545 1146 1636 1182 tene
1663 1141 1735 1183 tibi
1766 1142 1948 1195 voluptas
1977 1156 2076 1192 mea,

139 1221 300 1261 dubium
329 1233 409 1260 non
438 1217 608 1266 videtur,
643 1216 734 1267 quin
764 1218 905 1266 poetae
933 1225 1075 1253 manus
1103 1212 1162 1250 sic
1189 1209 1432 1251 restituenda
1457 1210 1526 1249 sit:

831 1279 965 1321 Adtuli
995 1282 1032 1319 et
1061 1282 1126 1319 tus
1153 1277 1283 1318 Ponto
1313 1289 1538 1317 amoenum.-
1567 1280 1656 1317 tene
1683 1277 1756 1316 tibi
1786 1277 1968 1329 voluptas
1999 1291 2098 1317 mea.

140 1354 200 1394 De
227 1357 316 1393 ture
347 1365 395 1392 ex
422 1351 550 1395 Ponto
579 1350 746 1391 advecto
774 1349 822 1389 cf.
854 1346 961 1387 Trin.
993 1348 1096 1386 934:
1129 1343 1242 1384 «Eho
1271 1357 1321 1384 an
1351 1344 1469 1384 etiam
1491 1343 1683 1385 -Arabiast
1711 1345 1750 1384 in
1781 1343 1939 1385 Ponto?
1982 1343 2020 1386 S.
2051 1345 2142 1386 Est:
2173 1358 2250 1385 non
2281 1344 2359 1395 illa,
2391 1346 2456 1387 ubi
2485 1352 2548 1388 tus
2577 1347 2789 1400 gignitur.»

139 1432 343 1461 moenum
372 1417 421 1461 cf.
451 1417 534 1457 Mil.
565 1420 668 1468 412:
703 1419 772 1455 «ιιι
800 1413 949 1454 Arabio
976 1412 1186 1453 fumificem
1219 1414 1342 1452 odore
1371 1423 1575 1451 amoene».
2778 1428 2779 1431 =

577 1483 635 1532 11,
667 1486 704 1531 7,
736 1485 810 1522 56:
857 1481 972 1521 Dona
1000 1484 1163 1530 accepta
1186 1481 1230 1518 ‘et
1257 1482 1377 1529 yrata
1404 1478 1522 1518 habeo
1550 1480 1695 1527 tuaque
1723 1478 1879 1528 ingrata
1907 1490 2009 1527 quae
2036 1481 2110 1519 abs
2139 1484 2180 1518 te
2208 1481 2353 1529 accepi.

141 1552 261 1593 Recte
290 1564 332 1592 se
358 1550 507 1592 habent
533 1548 687 1590 numeri
717 1547 939 1589 tetrametri
966 1545 1156 1588 trochaici
1186 1544 1403 1593 acatalecti‚
1431 1543 1504 1585 nisi
1535 1545 1641 1595 quod
1660 1543 1824 1585 vitiosus
1855 1549 1916 1584 est
1944 1543 2076 1585 hiatus
2105 1544 2211 1586 inter
2228 1549 2348 1597 ,orata
2377 1551 2417 1587 et
2434 1546 2556 1589 habeo
2584 1549 2787 1599 vocabula,

141 1621 195 1659 ad
222 1632 341 1670 quem
369 1618 652 1657 removendum
684 1615 880 1655 noluerim
907 1617 1101 1665 yrataque
1128 1626 1201 1663 pro
1230 1616 1268 1651 et
1294 1615 1415 1669 yrata
1442 1612 1611 1651 scribere
1642 1612 1712 1651 sed
1740 1611 1887 1651 leviore
1916 1613 2151 1651 mutatione:
2753 1620 2756 1621 ’

702 1682 817 1722 Dona
844 1685 1006 1732 accepta
1035 1685 1074 1720 et
1102 1685 1218 1729 grata
1245 1678 1389 1718 habebo
1418 1683 1561 1728 tuaque
1588 1680 1745 1729 ingrata
1772 1691 1874 1729 quae
1903 1681 1975 1717 abs
2004 1683 2044 1716 te
2072 1679 2220 1729 accepi.

340 1749 370 1799 I,
404 1752 440 1799 7,
472 1751 546 1790 64:
600 1749 874 1789 Tetrametros
902 1746 1071 1788 creticos
1099 1745 1199 1786 haec
1227 1747 1348 1785 verba
1378 1749 1612 1796 sequuntur:

795 1815 884 1854 Iam
914 1826 988 1863 ego
1016 1820 1056 1852 te
1084 1812 1148 1852 hic
1178 1811 1328 1852 offatim
1356 1811 1571 1851 conficiam.
1630 1811 1678 1850 G.
1710 1810 1846 1850 Occidi
1878 1818 2137 1861 optumumst,

143 1897 246 1936 quae
274 1896 401 1933 neque
428 1871 596 1923 creticos
625 1895 751 1934 neque
780 1881 1004 1922 trochaicos
1044 1887 1229 1920 numeros
1267 1876 1508 1931 profitenQr.
1566 1878 1725 1918 Partem
1760 1878 1842 1916 veri
1876 1877 2113 1918 intellexisse
2150 1879 2247 1918 mihi
2286 1880 2441 1919 videtur
2478 1880 2701 1932 Geppertus
2738 1883 2796 1923 sic

143 1952 339 1992 scribens:
384 1949 589 1991 ‹Jamiam
615 1954 656 1990 te
685 1953 840 2000 egomet
867 1948 932 1989 hic
961 1947 1114 1988 offatim
1143 1944 1358 1988 conficiam.
1417 1947 1460 1987 G.
1494 1944 1635 1986 Occedi
1667 1950 1871 1997 optumum
1901 1950 1999 1988 est.»
2059 1945 2284 1998 Duplicavit
2312 1947 2415 1987 enim
2447 1947 2556 1997 iam,
2597 1948 2703 1998 quod
2730 1953 2794 1990 ter

140 2030 290 2069 ponere
319 2017 489 2057 debebat
517 2016 628 2056 nulla
656 2020 861 2068 praeterea
889 2015 1108 2056 mutatione
1135 2013 1265 2054 facta:

623 2083 707 2123 Iam
736 2084 817 2124 iam
845 2082 926 2122 iam
954 2094 1027 2132 ego
1054 2086 1096 2121 te
1123 2081 1188 2122 hic
1217 2080 1367 2121 offatim
1399 2080 1609 2120 conficiam.
1667 2080 1714 2120 G.
1746 2080 1894 2120 Occidi.
1954 2079 2013 2120 St.
2045 2080 2310 2132 optumumst.

143 2149 273 2201 Supra
302 2150 404 2190 enim
436 2150 489 2200 (v.
522 2151 591 2201 61)
621 2138 685 2190 hic
714 2156 944 2190 tetrameter
971 2149 1099 2190 troch.
1134 2149 1176 2189 in
1206 2148 1318 2189 codd.
1353 2148 1520 2188 traditus
1561 2154 1641 2187 est:
1686 2147 1829 2187 ‘Etiam
1873 2146 2000 2188 scelus
2036 2147 2110 2187 viri
2143 2148 2347 2198 minitare,
2385 2162 2499 2199 quem
2534 2163 2608 2200 ego
2639 2151 2793 2191 offatim

141 2217 226 2256 iam
251 2217 335 2256 iam
360 2217 442 2256 iam
471 2217 754 2269 concipilab0›‚
787 2229 901 2268 quem
933 2215 1064 2256 deleto
1091 2215 1236 2267 triplici
1262 2216 1347 2255 iam
1373 2214 1542 2255 numeris
1571 2215 1651 2254 suis
1680 2213 1924 2255 reddendum
1954 2227 2039 2255 esse
2070 2214 2193 2267 Gepp.
2225 2215 2431 2256 intellexit:
2478 2206 2636 2258 «Etiam
2666 2217 2794 2258 scelus

143 2282 219 2322 viri
247 2283 444 2332 minitare,
476 2286 594 2333 quem
624 2298 697 2334 ego
730 2284 884 2324 offatim
912 2282 1196 2334 concipilabm.
1254 2282 1375 2321 Vides
1403 2281 1523 2331 igitur
1553 2282 1709 2321 easdem
1738 2282 1929 2333 syllabas,
1958 2295 2060 2333 quae
2088 2282 2162 2322 hoc
2192 2284 2279 2322 loco
2308 2283 2543 2333 redundant,
2574 2284 2633 2323 illi
2663 2286 2795 2324 versui

144 2361 329 2389 numeros
360 2350 543 2400 supplere
574 2355 612 2388 et
643 2355 805 2401 propter
834 2349 1035 2389 simillima
1064 2351 1186 2389 verba.
1213 2361 1282 2399 eqo
1308 2351 1346 2388 te
1372 2348 1435 2387 hic
1462 2348 1615 2397 offatim
1642 2348 1846 2397 conficiam
1883 2352 1924 2388 et
1952 2362 2067 2399 quem
2094 2362 2162 2400 eqo
2191 2349 2345 2398 offatim
2372 2350 2575 2399 conficiam
2605 2350 2692 2390 loco
2721 2364 2793 2391 suo

145 2416 362 2455 aberrasse.
411 2414 676 2466 ⁴Aptissimum
707 2423 841 2457 autem
870 2421 930 2457 est
957 2415 1102 2467 triplex
1128 2416 1223 2463 iam,
1253 2403 1344 2453 nain
1373 2413 1484 2454 miles
1514 2427 1671 2453 servum
1699 2415 1931 2464 aggreditur
1966 2417 2008 2454 et
2035 2428 2077 2454 se
2103 2416 2183 2455 iam
2213 2428 2488 2465 percussurum
2519 2430 2606 2456 esse
2634 2417 2792 2467 saepius

146 2479 362 2520 minitatur.
421 2482 638 2522 Praeterea
669 2495 859 2533 personas
889 2482 1049 2522 mutavi.
1111 2479 1249 2521 Occidi
1276 2480 1380 2520 servi
1410 2483 1480 2529 est,
1511 2480 1577 2530 qui
1605 2493 1630 2519 a
1657 2480 1784 2520 milite
1814 2482 1965 2529 feritur,
1995 2485 2235 2532 optumumst
2261 2482 2400 2522 militis
2429 2482 2655 2532 gaudentis,
2687 2485 2794 2534 quod

145 2544 344 2586 hominem
371 2549 497 2597 probe
526 2551 729 2598 percussit.
990 2590 992 2593 Α
1245 2592 1247 2595 .

796 2615 848 2662 ΙΙ,
881 2618 916 2663 8,
947 2618 990 2654 9:
1021 2613 1125 2652 Num
1155 2613 1353 2665 quippiam
1381 2625 1550 2653 avarum
1576 2618 1704 2653 mutat
1731 2628 1862 2655 mores
1890 2615 2129 2656 mulierum?

146 2676 210 2717 Ita
240 2678 502 2719 Camerarius.
541 2678 599 2720 B:
629 2693 802 2722 auarum
828 2686 875 2722 ut
901 2684 966 2728 at;
1007 2679 1093 2721 CD:
1122 2692 1294 2720 auarum
1320 2684 1365 2721 ut
1391 2679 1459 2722 ad.
1514 2680 1620 2720 Dicit
1649 2681 1956 2731 Stratophanes,
2000 2683 2202 2722 celerrime
2231 2684 2376 2722 mutari
2407 2697 2538 2723 mores
2569 2684 2791 2723 mulierum.

145 2742 259 2782 Nam·
276 2750 485 2796 postquam
513 2745 770 2788 Phronesium
798 2747 921 2788 filium
961 2745 1134 2799 peperit,
1178 2746 1352 2786 animum
1393 2745 1570 2797 sustulit,
1621 2753 1665 2787 ut
1702 2753 1855 2800 patrem
1895 2760 2012 2801 quam
2054 2748 2226 2788 maxima
2263 2750 2432 2801 pecunia
2470 2749 2791 2791 circumduceret.

146 2808 345 2850 Permulta
372 2815 527 2852 tentata
564 2818 658 2853 sunt
686 2814 737 2854 ab
767 2814 996 2855 editoribus.
1052 2813 1178 2853 Nemo
1205 2819 1342 2854 tamen
1368 2827 1394 2853 a
1422 2826 1516 2869 voce
1543 2827 1712 2854 avarum
1739 2817 1917 2864 recessit,
1956 2829 2035 2867 qua
2072 2816 2109 2855 in
2145 2829 2241 2855 voce
2275 2816 2380 2856 haud
2419 2816 2536 2856 dubie
2566 2817 2795 2869 corruptela

145 2875 243 2916 latet
270 2889 519 2935 quamquam¹
536 2878 753 2922 levissima:
789 2881 878 2923 Una
905 2882 1008 2922 enim
1037 2880 1156 2921 litera
1183 2881 1345 2932 dempta
1371 2880 1571 2921 restitues:

902 2947 1005 2989 Num
1034 2946 1240 3001 quidpiam
1268 2959 1416 2988 aurum
1442 2952 1570 3000 mutat
1598 2961 1729 2989 mores
1757 2948 1996 2989 mulierum?

144 3005 171 3048 i.
202 3021 236 3049 e.
265 3022 397 3049 nonne
425 3024 556 3052 mores
586 3014 792 3055 mulierum
820 3027 919 3056 auro
948 3015 1152 3056 celerrime
1180 3014 1414 3055 mutantur?
1490 3041 1493 3043 -

674 3080 747 3130 111,
783 3085 815 3130 1,
841 3084 912 3121 16:
961 3081 1061 3122 Post
1087 3082 1127 3120 id
1157 3081 1333 3121 locorum
1361 3086 1550 3120 matrem:
1580 3093 1682 3120 nunc
1708 3082 1823 3122 hodie
1848 3082 1980 3131 feram

966 3149 1184 3199 Argentum
1213 3148 1264 3188 ad
1292 3147 1408 3195 hanc,
1438 3159 1554 3197 quam
1584 3159 1698 3196 mage
1726 3159 1818 3187 amo
1848 3161 1966 3199 quam
1999 3152 2162 3188 matrem
2195 3161 2335 3188 meam.
