2928 3506
2765 0 2792 33 θ

123 139 221 181 Jam
250 129 449 175 Acidalius
475 115 758 177 voccobsccro
785 123 957 165 offensus
985 123 1200 163 scribebat:
1234 135 1351 162 «nam
1381 123 1565 172 cupiebat
1591 125 1632 161 te
1662 132 1731 160 era
1759 119 1904 162 videre.
1962 120 2024 160 Di.
2055 119 2260 160 Obsecro?
2303 120 2389 160 Ast.
2421 118 2532 170 Quae
2559 118 2723 160 tandem
2750 122 2792 160 to

127 214 252 246 mmm
282 210 333 238 ex
359 192 543 237 omnibus
573 194 704 233 amet»
736 188 1036 231 adversantibus
1066 192 1108 229 et
1134 200 1388 229 numerorum
1417 191 1459 228 et
1486 185 1644 238 linguae
1672 186 1847 228 comicae
1886 185 2061 237 legibus3
2099 198 2181 226 non
2209 185 2314 226 enim
2341 185 2502 237 ponitur
2530 185 2688 226 obsecro
2715 184 2792 226 nisi

129 272 200 312 gut
223 267 268 306 in
292 248 628 312 interrogatione,
667 247 887 309 praemisso
923 256 1158 308 pronomine
1184 253 1482 305 interrogativo,
1522 256 1594 293 aut
1630 265 1722 293 cum
1756 252 2004 304 imperativo.
2073 251 2258 305 Speciose
2297 251 2521 304 Geppertus
2555 251 2712 292 obsecro
2753 251 2795 294 in

129 331 276 386 oppido
303 330 458 370 mutato
485 323 641 378 reliqua
669 327 814 364 servat.
883 320 963 362 Sed
995 320 1086 362 loco
1124 323 1344 367 accuratius
1373 332 1537 361 excusso
1565 333 1615 360 ne
1642 319 1685 360 id
1721 319 1881 372 quidem
1919 317 2147 360 satisfacere
2189 322 2230 360 et
2263 318 2368 360 hunc
2397 319 2529 372 potius
2558 319 2599 359 in
2628 319 2791 361 modum

46 445 51 449 ,
131 396 250 440 simul
278 391 487 436 emendata
518 401 778 442 personarum
807 387 1059 429 distinctione
1088 386 1362 437 corrigendum
1391 399 1476 428 esse
1505 387 1683 427 videtur:

1723 458 1768 495 ut
1797 457 2048 507 exspectatus

590 523 761 571 Peregre
789 521 998 562 advenisti!
1038 520 1102 560 Di.
1131 519 1253 568 Num,
1284 523 1460 569 obsecro,
1491 521 1675 571 cupiebat
1702 532 1762 560 me
1790 531 1860 559 era
1888 520 2052 559 videre?

588 589 673 629 Ast.
706 587 812 636 Quid
837 586 1026 627 tandem?
1054 591 1095 626 te
1125 599 1247 626 unum
1277 599 1325 626 ex
1354 585 1534 627 omnibus
1564 592 1683 627 amat.
1743 586 1805 625 Di.
1837 585 1948 636 Euge
1977 585 2087 626 fundi
2115 591 2155 626 et
2184 587 2307 626 aedis.

133 659 371 703 Posterioris
400 669 534 697 versus
561 656 627 696 hic
654 667 789 695 sensus
818 659 895 693 est:
929 653 1040 701 «Quo
1069 652 1191 692 modo
1219 653 1466 703 interrogare
1495 656 1626 704 potes,
1657 665 1707 691 an
1736 657 1776 692 te
1804 653 1938 692 videre
1968 652 2129 703 cupiat?
2170 654 2290 692 immo
2320 656 2360 691 te
2388 666 2508 692 unum
2539 665 2587 691 ex
2608 654 2792 693 omnibus

136 731 285 769 amat.»

533 788 586 837 11,
619 792 656 837 2,
679 790 720 827 l:
778 787 874 835 Quis
902 785 985 826 illic
1014 790 1094 833 est,
1123 785 1192 837 qui
1219 791 1303 825 tam
1334 791 1517 837 proterve
1544 789 1700 825 nostras
1728 784 1839 825 aedis
1868 785 2042 825 arietat?

778 853 865 903 Ego
894 866 1000 893 sum:
1029 852 1183 904 respice
1210 851 1263 892 ad
1291 865 1355 891 me
1385 852 1485 903 quid
1511 865 1581 903 eqo
1607 864 1734 892 nonne
1762 864 1832 903 eqo
1858 851 1995 893 videor
2022 856 2059 891 te
2089 852 2175 892 tibi.

135 927 199 968 Ita
226 924 291 975 B.;
340 928 477 964 contra
506 922 575 962 A.:
1025 917 1974 968 QUIDEGONOUITEUIDEOTIBI

137 993 278 1045 quibus
306 992 472 1032 traiecto
499 989 612 1030 video
641 987 697 1028 sic
726 988 850 1029 utitur
880 988 1123 1039 Geppertus:
1170 987 1278 1037 Quid
1304 999 1374 1038 eqo
1401 986 1546 1026 video?
1573 986 1684 1035 novi,
1714 999 1786 1026 vae
1814 986 1901 1026 tibi.
1968 986 2064 1026 Mihi
2094 986 2134 1025 in
2163 987 2411 1027 emendando
2441 987 2528 1027 loco
2558 987 2791 1029 difficillimo

135 1057 463 1111 proficiscendum
493 1068 579 1096 esse
607 1054 763 1095 videtur
790 1069 816 1095 a
844 1053 963 1094 simili
992 1066 1132 1094 scenae
1156 1053 1272 1094 ’mitio
1301 1052 1443 1104 Amph.
1462 1053 1528 1102 IV,
1552 1055 1588 1101 2,
1617 1056 1655 1093 1:

337 1124 390 1164 M.
422 1122 516 1171 Quis
543 1121 598 1161 ad
626 1122 732 1161 fores
761 1121 847 1161 est?
904 1122 951 1160 A.
981 1120 1067 1171 Ego
1095 1133 1197 1160 sum.
1256 1119 1309 1161 M.
1340 1118 1464 1168 Quid,
1498 1131 1597 1169 «ego
1627 1120 1768 1158 sumit?
1826 1118 1874 1158 A.
1904 1118 1968 1158 Ita
1996 1118 2151 1170 loquor.
2211 1119 2263 1158 M.
2294 1120 2381 1159 Tibi
2410 1120 2595 1171 Juppiter

334 1189 464 1241 Dique
494 1201 633 1229 omnes
659 1186 752 1228 irati
780 1190 889 1228 certo
918 1192 1011 1228 sunt
1037 1187 1106 1239 qui
1134 1186 1192 1227 sic
1219 1185 1379 1237 frangas
1407 1183 1525 1226 fores.

137 1257 330 1309 Apparet,
359 1255 435 1296 hoc
463 1255 523 1295 ita
549 1254 699 1294 dictum
728 1265 833 1301 mse,
861 1255 976 1305 quasi
1007 1264 1106 1302 «ego
1134 1264 1247 1292 sum»
1280 1264 1427 1292 nomen
1453 1251 1659 1303 proprium
1690 1251 1752 1292 sit.
1803 1252 1917 1291 Truc.
1948 1264 2106 1303 quoque
2137 1251 2223 1291 loco
2254 1251 2360 1292 idem
2390 1253 2500 1292 iocus
2529 1254 2659 1303 inerit,
2691 1256 2723 1294 si
2753 1260 2794 1295 et

135 1321 388 1364 Ambrosiani
417 1324 456 1362 et
483 1319 866 1370 Vaticani'vestigiis
895 1320 955 1360 usi
983 1318 1276 1371 scripserimus:

455 1387 504 1427 A.
531 1387 619 1438 Ego
648 1399 755 1427 sum:
784 1385 937 1437 respice
964 1384 1017 1424 ad
1045 1397 1121 1427 me.
1181 1383 1237 1424 st.
1269 1383 1390 1433 Quid,
1423 1385 1575 1435 ‹ego›‘?
1633 1386 1678 1424 A.
1711 1383 1798 1424 Non
1829 1384 1963 1425 vides?
2022 1384 2078 1426 St.
2110 1385 2253 1425 Video:
2285 1399 2347 1425 em
2377 1387 2466 1426 tibi!

134 1454 370 1506 Astaphium
398 1455 628 1506 priusquam
656 1454 761 1493 fores
789 1452 960 1504 aperiat,
990 1464 1132 1492 nomen
1161 1451 1354 1503 pultantis
1383 1451 1548 1503 quaerit.
1619 1450 1692 1501 Qui
1731 1464 1853 1503 quum
1888 1452 2058 1491 nominis
2089 1451 2175 1492 loco
2203 1452 2477 1504 responderet:
2521 1466 2620 1505 «ego
2660 1468 2791 1505 sum»,

134 1522 192 1562 ait
219 1521 305 1561 illa:
336 1521 458 1573 quid?
490 1533 613 1571 ‹ego›
644 1518 886 1560 nominaris?
924 1519 1014 1560 Jam
1044 1522 1206 1570 apertae
1236 1522 1328 1559 sunt
1356 1516 1470 1559 fores.
1514 1517 1680 1559 «Nonne
1700 1531 1764 1558 me
1783 1517 1942 1559 vides?»
1975 1531 2089 1559 serva
2103 1519 2234 1570 pergit
2253 1523 2293 1560 et
2312 1533 2447 1560 servus
2464 1533 2552 1560 eam
2573 1534 2794 1572 agnoscens

134 1587 363 1628 verberibus
403 1586 527 1638 pellit.
598 1586 848 1627 Verberantis
889 1587 992 1625 enim
1034 1590 1094 1625 est
1133 1597 1193 1625 em
1233 1584 1331 1624 tibi!
1412 1583 1468 1624 Cf.
1499 1583 1614 1625 Cure.
1637 1584 1691 1635 V,
1722 1587 1769 1633 2,
1798 1587 1872 1624 26.
1932 1584 2004 1624 Τ1ι.
2046 1585 2152 1635 Ergo
2194 1585 2355 1625 ambula
2397 1586 2436 1626 in
2477 1587 2558 1626 ius:
2595 1600 2654 1626 em
2696 1587 2797 1628 tibi!

135 1653 178 1694 C
215 1654 248 1693 O
279 1656 400 1703 cives,
433 1653 554 1694 cives!

335 1719 387 1760 11.
419 1723 457 1768 2,
491 1723 534 1758 7:
601 1720 648 1758 A.
681 1718 909 1770 Comprime
937 1719 992 1758 sis
1023 1718 1187 1769 [eJiram
1217 1731 1306 1758 eam
1336 1718 1404 1768 qui
1429 1724 1469 1758 te
1495 1718 1640 1757 hercle.
1711 1717 1768 1757 St.
1800 1718 1861 1757 Tu
1891 1730 1991 1766 quae
2019 1717 2171 1758 solita's
2198 1720 2451 1770 comprimas.

599 1785 815 1837 Impudens
843 1797 946 1838 quae
972 1784 1254 1838 perridiculum
1281 1784 1429 1826 rustico
1455 1783 1598 1826 suades
1626 1787 1817 1836 stuprum.

600 1853 649 1891 A.
681 1850 856 1902 [EJiram
886 1852 987 1892 dixi:
1019 1856 1065 1892 ut
1091 1852 1294 1903 accepisti,
1326 1851 1503 1891 demsisti
1532 1862 1651 1890 unam
1681 1851 1867 1889 litteram.

137 1917 246 1959 Haec
263 1916 518 1959 Ambrosiani
546 1919 755 1969 scriptura.
795 1918 1010 1960 Vaticanus
1029 1918 1159 1971 primo
1172 1931 1306 1959 versu:
1340 1916 1560 1968 Comprime
1587 1929 1702 1967 spero
1730 1929 1857 1956 meam
1886 1916 2043 1968 quidem
2070 1916 2199 1958 hercle
2226 1921 2345 1969 tuque
2372 1918 2515 1959 solitas
2539 1919 2792 1969 comprimas.

135 1983 300 2025 Poetam
330 1983 531 2026 vocabulis
559 1985 647 2025 cira
675 1984 771 2035 (ira)
802 1989 841 2024 et
869 1997 940 2025 era
968 1984 1102 2036 (hera)
1130 1980 1268 2026 ludere
1297 1990 1336 2025 et
1364 1985 1489 2025 ciram
1515 1975 1762 2026 scribendum
1792 1996 1891 2032 esse,
1921 1983 1963 2024 id
1991 1983 2099 2035 quod
2115 1984 2338 2035 Geppertus
2367 1984 2481 2034 vidit,
2513 1997 2562 2025 ex
2589 1989 2793 2037 postremo

136 2062 251 2090 versu
279 2050 415 2102 liquet.
476 2050 553 2092 Sed
581 2063 659 2091 non
688 2054 822 2102 potest
849 2050 1047 2103 acquiesci
1080 2050 1121 2091 in
1147 2051 1402 2092 Ambrosiani
1439 2050 1624 2099 lectione,
1666 2050 1758 2102 quia
1795 2063 1921 2102 neque
1961 2063 2010 2090 ex
2047 2063 2158 2091 more
2197 2049 2379 2091 Plautino
2417 2050 2494 2091 hoc
2533 2051 2622 2092 loco
2661 2051 2791 2092 oratio

134 2116 372 2168 interrumpi
399 2120 532 2168 potest
559 2121 598 2157 et
627 2117 736 2158 lusus
766 2117 976 2158 verborum
1003 2116 1170 2169 flagitat,
1201 2121 1245 2158 ut
1273 2122 1482 2169 utrumque
1510 2120 1672 2158 verbum
1701 2117 1990 2169 pronuntietur.
2030 2117 2106 2167 Sic,
2132 2117 2172 2157 ni
2192 2117 2328 2168 fallor,
2359 2117 2454 2159 olim
2474 2119 2664 2171 scriptum
2685 2122 2790 2160 erat:

467 2184 514 2224 A.
546 2182 774 2235 Comprime
801 2184 922 2225 istam
951 2187 1088 2226 ciram.
1147 2184 1205 2226 St.
1233 2186 1354 2226 Eram
1385 2184 1544 2237 quidem
1572 2184 1704 2224 hercle
1732 2189 1778 2224 ιιι
1806 2197 1908 2236 quae
1938 2184 2091 2225 solita's
2121 2185 2373 2236 comprimas.

137 2246 404 2299 Comprimere
434 2249 578 2301 duplici
599 2263 716 2291 seusu
734 2251 908 2302 positum
927 2255 999 2301 est,
1030 2255 1071 2292 et
1090 2253 1351 2303 comprimere
1378 2254 1490 2302 iram,
1521 2252 1547 2291 i.
1569 2264 1603 2291 e.
1623 2263 1874 2302 compescere
1901 2251 2004 2291 iram
2024 2255 2064 2291 et
2082 2252 2347 2302 comprimere
2364 2252 2517 2302 heram,
2548 2252 2573 2293 i.
2597 2265 2630 2294 e.
2650 2252 2792 2293 heram

136 2314 339 2355 incestare.
389 2315 495 2356 Dicit
513 2329 671 2357 servus:
700 2323 745 2359 tu
765 2317 861 2357 mihi
880 2318 1034 2368 suades,
1063 2323 1109 2358 ut
1126 2318 1263 2359 heram
1283 2318 1562 2370 comprimam:
1592 2319 1714 2358 immo
1733 2321 1774 2358 te
1792 2319 1924 2369 potius
1944 2318 2194 2358 meretricem
2214 2319 2354 2359 decent
2372 2318 2450 2358 hae
2467 2331 2533 2359 res
2552 2319 2789 2371 impudicae.

135 2379 289 2422 Eodem
318 2382 509 2422 vocabulo
539 2382 689 2422 luditur
717 2384 816 2425 Rud.
847 2384 913 2434 IV,
943 2388 982 2434 4,
1015 2388 1089 2434 29;
1127 2384 1215 2425 Cas.
1243 2384 1297 2434 Π,
1330 2387 1368 2433 6,
1402 2386 1473 2436 10;
1514 2384 1655 2436 Amph.
1687 2384 1720 2433 1,
1755 2389 1790 2434 1,
1826 2387 1921 2424 192:
1961 2397 2031 2436 eqo
2060 2384 2134 2424 tibi
2161 2386 2283 2424 istam
2309 2384 2425 2425 hodie
2457 2385 2662 2426 scelestam
2690 2398 2792 2427 oont-

126 2448 308 2498 primam
334 2448 527 2501 linquam.
586 2448 627 2492 S.
658 2449 758 2491 Hau
778 2455 930 2501 potest:
965 2452 1058 2492 bene
1077 2450 1303 2502 pudiceque
1331 2451 1589 2498 adservatur,
1627 2452 1731 2491 unde
1759 2451 1880 2491 etiam
1907 2452 2030 2491 istam
2057 2452 2263 2503 assumpsi.
2298 2474 2344 2479 ——
2378 2451 2557 2504 Denique
2585 2457 2790 2505 postremo

134 2527 251 2555 versu
281 2528 361 2556 non
389 2515 630 2567 intelligitur,
661 2516 757 2569 quid
785 2516 861 2558 sibi
889 2516 984 2558 velit
1010 2520 1057 2558 ut
1083 2518 1270 2569 secepisti
1297 2523 1338 2559 et
1365 2515 1608 2559 confidenter
1636 2530 1810 2569 repono:

866 2583 1001 2623 Eiram
1030 2583 1136 2624 dixi:
1166 2588 1211 2624 tu
1237 2585 1416 2634 secepsti,
1448 2584 1650 2636 dempsisti
1680 2596 1797 2623 unam
1825 2584 2014 2625 litteram.

665 2648 717 2696 lI,
749 2653 786 2697 4,
818 2653 891 2690 24:
931 2648 1090 2690 Utinam
1118 2648 1214 2689 item
1245 2664 1269 2690 a
1297 2650 1493 2701 principio
1523 2650 1584 2691 rei
1603 2651 1853 2700 pepercisses
1881 2663 1994 2691 meae

599 2706 604 2711 ’
856 2734 859 2736 Δ
931 2714 986 2756 Ut
1012 2727 1115 2756 nunc
1142 2716 1317 2767 rwcis
1343 2715 1473 2758 saviis.

133 2788 336 2826 repercere
363 2778 471 2818 idem
500 2784 559 2819 est
586 2784 705 2830 atque
726 2793 894 2832 parcere
921 2781 1000 2821 vid.
1028 2782 1144 2822 Lacr.
1174 2780 1206 2832 1,
1238 2784 1331 2831 688,
1362 2782 1585 2835 Symmach.
1643 2782 1717 2836 Ep.
1751 2789 1786 2832 1,
1819 2786 1883 2823 33.
1942 2783 2089 2831 Quodsi
2125 2783 2253 2824 altero
2293 2797 2406 2824 versu
2437 2787 2598 2825 verbum
2630 2797 2789 2838 compo-

133 2842 252 2884 situm
283 2842 440 2895 legitur,
471 2847 592 2888 etiam
621 2847 755 2898 priore
783 2848 1034 2890 desideratur
1062 2861 1197 2901 neque
1218 2863 1244 2889 a
1271 2860 1365 2889 vero
1394 2849 1680 2898 aberrabimus,
1709 2850 1743 2890 si
1772 2851 2082 2893 correxerimus:

936 2914 1097 2960 Utinam
1124 2915 1221 2960 item
1249 2928 1275 2957 a
1303 2914 1511 2968 principio
1525 2915 1584 2956 rei
1611 2915 1848 2966 repersisses
1875 2928 1987 2956 meae

133 2975 191 3015 ita
211 2977 335 3026 parsi
361 2949 526 3028 perfecti
555 2979 685 3021 forma
713 2981 836 3021 utitur
856 2980 1003 3023 Noster
1028 2982 1135 3023 Trin.
1157 2984 1264 3035 316;
1292 2980 1401 3023 Pers.
1418 2984 1510 3022 572.

664 3046 718 3096 11,
749 3051 787 3094 4
809 3050 880 3090 54:
930 3047 1034 3097 Quid
1063 3047 1190 3088 multa
1217 3048 1339 3089 verba
1366 3048 1536 3088 faciam?
1564 3048 1794 3088 tonstricem
1826 3047 1969 3088 Suram

932 3113 1087 3156 Novisti
1114 3120 1292 3159 nostram
1321 3127 1440 3167 quam
1469 3126 1564 3164 erga
1592 3113 1731 3155 aedem
1758 3127 1844 3155 sese
1871 3114 2020 3155 habet?
